<?xml version="1.0" encoding="UTF-8"?><collection xmlns="http://www.loc.gov/MARC21/slim"><record><leader>00484nam--2200169-i-4500</leader><controlfield tag="001">000047147</controlfield><controlfield tag="002">20161230</controlfield><controlfield tag="005">20161230201046</controlfield><controlfield tag="008">060222s1000------------r-----000-0-eng-d</controlfield><datafield ind1=" " ind2=" " tag="040"><subfield code="a">IFIN-HH</subfield></datafield><datafield ind1=" " ind2=" " tag="080"><subfield code="a">537.311.33</subfield></datafield><datafield ind1="1" ind2=" " tag="100"><subfield code="a">Weidel, J</subfield></datafield><datafield ind1="1" ind2="0" tag="245"><subfield code="a">Halbleiter erobern die technik. vom grundstoff bis zur intehrierten schaltung</subfield><subfield code="c">J. weidel</subfield></datafield><datafield ind1=" " ind2=" " tag="260"><subfield code="a">Heildelberg</subfield><subfield code="b">Dr. Alfred Huthig Verlag</subfield><subfield code="c">1966</subfield></datafield><datafield ind1=" " ind2=" " tag="300"><subfield code="a">394P</subfield></datafield><datafield ind1=" " ind2=" " tag="852"><subfield code="a">25179</subfield><subfield code="c">537.311.33</subfield></datafield><datafield ind1=" " ind2=" " tag="CAT"><subfield code="a">Sys</subfield><subfield code="c">20110720</subfield><subfield code="h">132352</subfield></datafield></record></collection>